<?xml version="1.0" encoding="UTF-8"?><collection xmlns="http://www.loc.gov/MARC21/slim"><record><leader>00531nam--2200181-i-4500</leader><controlfield tag="001">000015047</controlfield><controlfield tag="002">20161230</controlfield><controlfield tag="005">20161230201031</controlfield><controlfield tag="008">060222s1000------------r-----000-0-eng-d</controlfield><datafield ind1=" " ind2=" " tag="040"><subfield code="a">IFIN-HH</subfield></datafield><datafield ind1=" " ind2=" " tag="080"><subfield code="a">533.9:530.12:061.3</subfield></datafield><datafield ind1="1" ind2=" " tag="100"><subfield code="a">Buneman, Oscar /S.A.</subfield></datafield><datafield ind1="1" ind2="0" tag="245"><subfield code="a">Relativistic plasmas. the coral gables confere nce</subfield><subfield code="c">OSCAR BUNEMAN, WILLIAM B. PARDO (Eds.)</subfield></datafield><datafield ind1=" " ind2=" " tag="260"><subfield code="a">New York, W.A.Benjamin, Inc., 1968</subfield></datafield><datafield ind1=" " ind2=" " tag="300"><subfield code="a">XII + 249 P</subfield></datafield><datafield ind1="1" ind2=" " tag="700"><subfield code="a">Pardo, William B</subfield></datafield><datafield ind1=" " ind2=" " tag="852"><subfield code="a">76259</subfield><subfield code="c">533.9</subfield></datafield><datafield ind1=" " ind2=" " tag="CAT"><subfield code="a">Sys</subfield><subfield code="c">20101002</subfield><subfield code="h">115546</subfield></datafield></record></collection>